<record><leader>00000cas a22000007a 4500</leader><controlfield tag="001">13109586</controlfield><controlfield tag="008">860205d18331834nyucr ne      0    0eng  </controlfield><datafield ind1=" " ind2=" " tag="010"><subfield code="a">sn 86071085 </subfield></datafield><datafield ind1=" " ind2=" " tag="040"><subfield code="a">DLC</subfield><subfield code="b">eng</subfield><subfield code="c">DLC</subfield><subfield code="d">NYS</subfield><subfield code="d">OCLCQ</subfield></datafield><datafield ind1=" " ind2=" " tag="042"><subfield code="a">msc</subfield></datafield><datafield ind1="0" ind2="0" tag="050"><subfield code="a">Newspaper 8829-X</subfield></datafield><datafield ind1="0" ind2=" " tag="130"><subfield code="a">Troy American (Troy, N.Y. : 1833)</subfield></datafield><datafield ind1="1" ind2="4" tag="245"><subfield code="a">The Troy American.</subfield></datafield><datafield ind1=" " ind2=" " tag="260"><subfield code="a">Troy [N.Y.] :</subfield><subfield code="b">E.J. Van Cleve</subfield></datafield><datafield ind1=" " ind2=" " tag="300"><subfield code="a">v. :</subfield><subfield code="b">ill. (chiefly advertisements) ;</subfield><subfield code="c">55 cm.</subfield></datafield><datafield ind1=" " ind2=" " tag="310"><subfield code="a">Semiweekly</subfield></datafield><datafield ind1="1" ind2=" " tag="362"><subfield code="a">Began with Oct. 13, 1833 issue.</subfield><subfield code="z">Cf. Gregory, W. Amer. newspapers; ceased in 1834?</subfield></datafield><datafield ind1=" " ind2=" " tag="588"><subfield code="a">Description based on: Vol. 1, no. 36 (Feb. 14, 1834).</subfield></datafield><datafield ind1=" " ind2=" " tag="752"><subfield code="a">United States</subfield><subfield code="b">New York</subfield><subfield code="c">Rensselaer</subfield><subfield code="d">Troy.</subfield></datafield><datafield ind1="0" ind2="7" tag="785"><subfield code="t">Daily Troy press</subfield><subfield code="w">(DLC)sn 84035894</subfield></datafield><datafield ind1="0" ind2="7" tag="785"><subfield code="t">Troy daily whig</subfield><subfield code="w">(DLC)sn 83031810</subfield></datafield></record>